@article{vapnik1995nature,
  title={The nature of statistical learning theory},
  author={Vapnik, Vladimir N},
  year={1995},
  publisher={Springer-Verlag New York, Inc.}
}

@article{bishop2006pattern,
  title={Pattern recognition},
  author={Bishop, Christopher M},
  journal={Machine Learning},
  volume={128},
  pages={1--58},
  year={2006}
}

@article{platt1998sequential,
  title={Sequential minimal optimization: A fast algorithm for training support vector machines},
  author={Platt, John},
  year={1998}
  }
  
 @article{scholkopf2000new,
  title={New support vector algorithms},
  author={Sch{\"o}lkopf, Bernhard and Smola, Alex J and Williamson, Robert C and Bartlett, Peter L},
  journal={Neural computation},
  volume={12},
  number={5},
  pages={1207--1245},
  year={2000},
  publisher={MIT Press}
}

@misc{tipping2003relevance,
  title={Relevance vector machine},
  author={Tipping, Michael},
  year={2003},
  month=oct # "~14",
  publisher={Google Patents},
  note={US Patent 6,633,857}
}